@misc{altabaa2024approximation,
      title={Approximation of relation functions and attention mechanisms}, 
      author={Awni Altabaa and John Lafferty},
      year={2024},
      eprint={2402.08856},
      archivePrefix={arXiv},
      primaryClass={cs.LG}
}